%% Books
%% Conference
@inproceedings{BBS,
  title={An optimal and progressive algorithm for skyline queries},
  author={Papadias, Dimitris and Tao, Yufei and Fu, Greg and Seeger, Bernhard},
  booktitle={SIGMOD},
  pages={467--478},
  year={2003},
}
@inproceedings{skyline_ICDE2011,
  title={The skyline operator},
  author={Borzsony, S and Kossmann, Donald and Stocker, Konrad},
  booktitle={Data Engineering, 2001. Proceedings. 17th International Conference on},
  pages={421--430},
  year={2001},
}
@inproceedings{NNS,
  title={Shooting stars in the sky: An online algorithm for skyline queries},
  author={Kossmann, Donald and Ramsak, Frank and Rost, Steffen},
  booktitle={Proceedings of the 28th international conference on Very Large Data Bases},
  pages={275--286},
  year={2002},
  organization={VLDB Endowment}
}
@inproceedings{Bitmap,
  title={Efficient progressive skyline computation},
  author={Tan, Kian-Lee and Eng, Pin-Kwang and Ooi, Beng Chin and others},
  booktitle={VLDB},
  volume={1},
  pages={301--310},
  year={2001}
}

@inproceedings{PATS,
  title={PATS: A framework of pattern-aware trajectory search},
  author={Wei, Ling-Yin and Peng, Wen-Chih and Chen, Bo-Chong and Lin, Ting-Wei},
  booktitle={MDM},
  pages={372--377},
  year={2010},
}

@inproceedings{MM2010,
  title={Mining people's trips from large scale geo-tagged photos},
  author={Arase, Yuki and Xie, Xing and Hara, Takahiro and Nishio, Shojiro},
  booktitle={MM},
  pages={133--142},
  year={2010}
}
@article{VLDB2010,
  title={Mining significant semantic locations from GPS data},
  author={Cao, Xin and Cong, Gao and Jensen, Christian S},
  journal={Proceedings of the VLDB Endowment},
  volume={3},
  number={1-2},
  pages={1009--1020},
  year={2010},
  publisher={VLDB Endowment}
}
@inproceedings{ICDE2013,
  title={Towards Efficient Search for Activity Trajectories},
  author={Zheng, Kai and Shang, Shuo and Yuan, Nicholas Jing and Yang, Yi and Computing, Ubiquitous},
  year={2013},
  booktitle={ICDE},
}
@inproceedings{SDM2011,
  title={Diversified Trajectory Pattern Ranking in Geo-tagged Social Media},
  author={Yin, Zhijun and Cao, Liangliang and Han, Jiawei and Luo, Jiebo and Huang, Thomas S},
  booktitle={SDM},
  pages={980--991},
  year={2011}
}
@inproceedings{SIGMOD2010,
  title={Searching trajectories by locations: an efficiency study},
  author={Chen, Zaiben and Shen, Heng Tao and Zhou, Xiaofang and Zheng, Yu and Xie, Xing},
  booktitle={SIGMOD},
  pages={255--266},
  year={2010}
}

@inproceedings{LBSN2009,
 author               = {Wenchen Zheng and Yu Zheng and Qiang Yang},
 title                = {Joint Learning User's Activities and Profiles from GPS Data},
 booktitle            = {Proceedings of the first International Workshop on Location Based Social Networks (LBSN)},
 pages                = {},
 year                 = {2009},
 }

@inproceedings{UCAMI2008,
 author               = {Andrei Papliatseyeu and Oscar Mayora},
 title                = {Mobile Habits: Inferring and Predicting User Activities with a Location-Aware Smartphone },
 booktitle            = {Proceedings of the thrid Symposium of Ubiquitous Computing and Ambient Intelligence (UCAMI)},
 pages                = {343-352},
 year                 = {2008},
 }

 @inproceedings{IJRR2007,
 author               = {Lin Liao and Dieter Fox and Henry Kautz},
 title                = {Mobile Habits: Inferring and Predicting User Activities with a Location-Aware Smartphone },
 booktitle            = {International Journal of Robotics Research},
 pages                = {119-134},
 year                 = {2007},
 }


@inproceedings{WWW2009,
 author               = {Yu Zheng and Lizhu Zhang and Xing Xie and Wei-Ying Ma},
 title                = {Mining Interesting Locations and Travel Sequences from GPS Trajectories for Mobile Users},
 booktitle            = {WWW},
 pages                = {791-800},
 year                 = {2009},
 }

@inproceedings{Mapping,
  title={Mapping the world's photos},
  author={Crandall, David J and Backstrom, Lars and Huttenlocher, Daniel and Kleinberg, Jon},
  booktitle={Proceedings of the 18th international conference on World wide web},
  pages={761--770},
  year={2009},
  organization={ACM}
}

@inproceedings{ACMGIS2008-1,
 author               = {Quannan Li and Yu Zheng and Xing Xie and Yukun Chen and Wenyu Liu and Wei-Ying Ma},
 title                = {Mining User Similarity Based on Location History},
 booktitle            = {Proceedings of the 16th ACM SIGSPATIAL International Conference on Advances in Geographic Information Systems (GIS)},
 pages                = {298-307},
 year                 = {2008},
 }

@inproceedings{ICDE2008,
 author               = {Hoyoung Jeung and Qing Liu and Heng Tao Shen and Xiaofang Zhou},
 title                = {A Hybrid Prediction Model for Moving Objects},
 booktitle            = {Proceedings of the 24th IEEE International Conference on Data Engineering (ICDE)},
 pages                = {70-79},
 year                 = {2008},
 }


@inproceedings{SIGKDD07_TPM,
 author               = {Fosca Giannotti and Mirco Nanni and Fabio Pinelli and Dino Pedreschi},
 title                = {Trajectory Pattern Mining},
 booktitle            = {KDD},
 pages                = {330-339},
 year                 = {2007},
 }

@inproceedings{UIC2006,
 author               = {Yuichiro Takeuchi and Masanori Sugimoto},
 title                = {CityVoyager: An Outdoor Recommendation System Based on User Location History},
 booktitle            = {Proceedings of the third International Conference on Ubiquitous Intelligence and Computing (UIC)},
 pages                = {625-636},
 year                 = {2006},
 }

@inproceedings{SIGMOD2005,
 author               = {Lei Chen and M. Tamer Ozsu and Vincent Oria},
 title                = {Robust and Fast Similarity Search for Moving Object Trajectories},
 booktitle            = {Proceedings of the 25th ACM SIGMOD International Conference on Management of Data (SIGMOD)},
 pages                = {{491-502}},
 year                 = {2005},
 }

@inproceedings{PAGERANK,
 author               = {Sergey Brin and Lawrence Page},
 title                = {The Anatomy of a Large-Scale Hypertextual Web Search Engine},
 booktitle            = {Proceedings of the seventh International Conference on World Wide Web (WWW)},
 pages                = {107-117},
 year                 = {1998},
 }

%%
@inproceedings{PAKDD2007,
 author               = {Hsiao-Ping Tsai and De-Nian Yang and Wen-Chih Peng and Ming-Syan Chen},
 title                = {Exploring Group Moving Pattern for an Energy-Constrained Object Tracking Sensor Network},
 booktitle            = {Proceedings of the 11th Pacific-Asia Conference on Knowledge Discovery and Data Mining (PAKDD)},
 pages                = {825-832},
 year                 = {2007},
 }

@inproceedings{ICPADS2007,
  title={Mining temporal mobile sequential patterns in location-based service environments},
  author={Tseng, Vincent S and Lu, Eric Hsueh-Chan and Huang, Cheng-Hsien},
  booktitle={Proceedings of the 13th International Conference on Parallel and Distributed Systems (ICPADS)},
  volume={2},
  pages={1--8},
  year={2007},
}

%%%%%%%%%%%%%%%%%%%%%%%%%%%%%%%%%%%%%%%%%%%%%%%%%%%%%%%%%%%%%%%%%%%%%%%%%%%%%%%%%%%%%%%%%%%%%%%%%%%%%%%%%%%%%%%%%%%%%%%%%%%%%%%%%%%%%%%%%%%%
@inproceedings{ACMGIS2008-2,
 author               = {Haiquan Chen and Wei-Shinn Ku and Min-Te Sun and Roger Zimmermann},
 booktitle            = {Geographic Information Systems Proceedings of the 16th ACM SIGSPATIAL international conference on Advances in Geographic Information Systems (ACMGIS 2008)},
 title                = {The Multi-Rule Partial Sequenced Route Query},
 year                 = {2008},
 }



@inproceedings{CNSR2004,
 author               = {Xing W. and Ghorbani A.},
 booktitle            = {Proceedings of Communication Networks and Services Research 2nd Annual Conference (CNSR 2004)},
 pages                = {305-314},
 title                = {Weighted PageRank algorithm},
 year                 = {2004},
 }



@inproceedings{GIS2005,
 author               = {Jagan Sankaranarayanan and Houman Alborzi and Hanan Samet},
 booktitle            = {Geographic Information Systems Proceedings of the 13th ACM SIGSPATIAL international conference on Advances in Geographic Information Systems (ACMGIS 2005)},
 journal              = {未知期刊},
 pages                = {200-209},
 title                = {Efficient query processing on spatial networks},
 year                 = {2005},
 }


@inproceedings{ICDE2000,
 author               = {Ji Jin and Ning An and and Anand Sivasubramaniam},
 booktitle            = {Proceedings of the 16th International Conference on Data Engineering (ICDE 2000)},
 pages                = {525-534},
 title                = {Analyzing Range Queries on Spatial Data},
 year                 = {2000},
 }

@inproceedings{ICDE2009,
 author               = {Yoshiharu Ishikawa and Yuichi Iijima and Jeffrey Xu Yu},
 booktitle            = {Proceedings of the 25th International Conference on Data Engineering (ICDE 2009)},
 journal              = {未知期刊},
 pages                = {676-687},
 title                = {Spatial Range Querying for Gaussian-Based Imprecise Query Objects},
 year                 = {2009},
 }


@inproceedings{SIGMOD2008_Traclass,
 author               = {Jae-Gil Lee and Jiawei Han and Xiaolei Li and and Hector Gonzalez},
 booktitle            = {Proceedings of the 34th Very Large Data Bases Endowment (VLDB 2008)},
 pages                = {1081-1094},
 title                = {TraClass: Trajectory Classification Using Hierarchical Region Based and Trajectory Based Clustering},
 volume               = {1},
 year                 = {2008},
 }

@inproceedings{SSTD2003,
 author               = {Jing Shan and Donghui Zhang and Betty Salzberg},
 booktitle            = {5th International Symposium on Spatial and Temporal Databases(SSTD 2003)},
 journal              = {未知期刊},
 pages                = {252-269},
 title                = {On Spatial-Range Closest-Pair Query},
 year                 = {2003},
 }

@inproceedings{ye2011exploiting,
  title={Exploiting geographical influence for collaborative point-of-interest recommendation},
  author={Ye, Mao and Yin, Peifeng and Lee, Wang-Chien and Lee, Dik-Lun},
  booktitle={SIGIR},
  pages={325--334},
  year={2011},
}
@inproceedings{hsieh2012exploiting,
  title={Exploiting large-scale check-in data to recommend time-sensitive routes},
  author={Hsieh, Hsun-Ping and Li, Cheng-Te and Lin, Shou-De},
  booktitle={UrbComp},
  pages={55--62},
  year={2012},
}
@inproceedings{photo2trip,
  title={Photo2trip: generating travel routes from geo-tagged photos for trip planning},
  author={Lu, Xin and Wang, Changhu and Yang, Jiang-Ming and Pang, Yanwei and Zhang, Lei},
  booktitle={MM},
  pages={143--152},
  year={2010},
}

@article{MeanShift,
  title={Mean shift: A robust approach toward feature space analysis},
  author={Comaniciu, Dorin and Meer, Peter},
  journal={Pattern Analysis and Machine Intelligence, IEEE Transactions on},
  volume={24},
  number={5},
  pages={603--619},
  year={2002},
  publisher={IEEE}
}
@inproceedings{yuan2014graph,
  title={Graph-based Point-of-interest Recommendation with Geographical and Temporal Influences},
  author={Yuan, Quan and Cong, Gao and Sun, Aixin},
  booktitle={CIKM},
  pages={659--668},
  year={2014},
}
@inproceedings{hsieh2014mining,
  title={Mining and Planning Time-aware Routes from Check-in Data},
  author={Hsieh, Hsun-Ping and Li, Cheng-Te},
  booktitle={CIKM},
  pages={481--490},
  year={2014},
}
@article{cao2012keyword,
  title={Keyword-aware optimal route search},
  author={Cao, Xin and Chen, Lisi and Cong, Gao and Xiao, Xiaokui},
  journal={Proceedings of the VLDB Endowment},
  volume={5},
  number={11},
  pages={1136--1147},
  year={2012},
  publisher={VLDB Endowment}
}
@INPROCEEDINGS{ytwen2014, 
author={Yu-Ting Wen and Po-Ruey Lei and Wen-Chih Peng and Xiao-Fang Zhou}, 
booktitle={ICDM}, 
title={Exploring Social Influence on Location-Based Social Networks}, 
year={2014}, 
pages={1043-1048}, 
}
@INPROCEEDINGS{skyline2014, 
  title={Skyline Travel Routes: Exploring Skyline for Trip Planning},
  author={Hsu, Wan Ting and Wen, Yu Ting and Wei, Ling Yin and Peng, Wen Chih},
  booktitle={MDM},
  volume={2},
  pages={31--36},
  year={2014},
}
@INPROCEEDINGS{PGT2014, 
author={Hongjian Wang and Zhenhui Li and Wang-Chien Lee}, 
booktitle={ICDM}, 
title={PGT: Measuring Mobility Relationship Using Personal, Global and Temporal Factors}, 
year={2014},
pages={570-579}
}
@inproceedings{kurashima2010travel,
  title={Travel route recommendation using geotags in photo sharing sites},
  author={Kurashima, Takeshi and Iwata, Tomoharu and Irie, Go and Fujimura, Ko},
  booktitle={CIKM},
  pages={579--588},
  year={2010},
}
@inproceedings{Ye2012,
  author = {Ye, Mao and Liu, Xingjie and Lee, Wang-Chien},
  title = {Exploring Social Influence for Recommendation: A Generative Model Approach},
  booktitle = {SIGIR},
  year = {2012},
  pages = {671--680}
}
@inproceedings{WSDM2012finding,
  title={Finding your friends and following them to where you are},
  author={Sadilek, Adam and Kautz, Henry and Bigham, Jeffrey P},
  booktitle={WSDM},
  pages={723--732},
  year={2012},
}
@article{shibata2011detecting,
  title={Detecting emerging research fronts in regenerative medicine by the citation network analysis of scientific publications},
  author={Shibata, Naoki and Kajikawa, Yuya and Takeda, Yoshiyuki and Sakata, Ichiro and Matsushima, Katsumori},
  journal={Technological Forecasting and Social Change},
  volume={78},
  number={2},
  pages={274--282},
  year={2011},
  publisher={Elsevier}
}
@inproceedings{gao2012exploring,
  title={Exploring Social-Historical Ties on Location-Based Social Networks.},
  author={Gao, Huiji and Tang, Jiliang and Liu, Huan},
  booktitle={ICWSM},
  year={2012}
}
@inproceedings{lee2013attribute,
  title={Attribute extraction and scoring: A probabilistic approach},
  author={Lee, Taesung and Wang, Zhongyuan and Wang, Haixun and Hwang, Seung-won},
  booktitle={ICDE},
  pages={194--205},
  year={2013},
}
@inproceedings{rendle2010factorizing,
  title={Factorizing personalized markov chains for next-basket recommendation},
  author={Rendle, Steffen and Freudenthaler, Christoph and Schmidt-Thieme, Lars},
  booktitle={WWW},
  pages={811--820},
  year={2010}}
@inproceedings{ge2010energy,
  title={An energy-efficient mobile recommender system},
  author={Ge, Yong and Xiong, Hui and Tuzhilin, Alexander and Xiao, Keli and Gruteser, Marco and Pazzani, Michael},
  booktitle={KDD},
  pages={899--908},
  year={2010}
}
@inproceedings{zheng2015approximate,
  title={Approximate keyword search in semantic trajectory database},
  author={Zheng, Bolong and Yuan, Nicholas Jing and Zheng, Kai and Xie, Xing and Sadiq, Shazia and Zhou, Xiaofang},
  booktitle={ICDE},
  pages={975--986},
  year={2015}
}